% Encoding: UTF-8

@misc{javaRMI,
  title = {The Java Tutorials - Trail RMI},
  url   = {http://docs.oracle.com/javase/tutorial/rmi/},
  howpublished = "\url{http://docs.oracle.com/javase/tutorial/rmi/}",
}

@misc{command-pattern,
  author = {Vince Huston},
  title  = {Command Pattern},
  howpublished = "\url{http://vincehuston.org/dp/command.html}",
}

@misc{bsp-command-pattern,
  author = {Michael Borko},
  title  = {Beispiel Konstruktor f\"ur Command Pattern mit Java RMI},
  howpublished =  "\url{https://github.com/mborko/code-examples/tree/master/java/rmiCommandPattern}",
}

@misc{repo,
  author = {Thomas Fellner},
  title  = {Github Repoisitory mit der Aufgabe},
  howpublished =  "\url{https://github.com/tfellner-tgm/SYT-rmi}",
}

@Comment{jabref-meta: databaseType:bibtex;}
